@techreport{kaare12,
	title        = {{The Matrix Cookbook}},
	author       = {{Kaare, Brandt Petersen}},
	year         = 2012,
	institution  = {{University of Waterloo}}
}
@book{solomon15,
	title        = {{Numerical Algorithms: Methods for Computer Vision, Machine Learning, and Graphics}},
	author       = {{Solomon, Justin}},
	year         = 2015,
	publisher    = {CRC Press},
	isbn         = {978-1-4822-5189-0}
}
@book{boyd_etal04,
	title        = {{Convex Optimization}},
	author       = {{Boyd, Stephen and Boyd, Stephen P. and others}},
	year         = 2004,
	publisher    = {Cambridge University Press},
	isbn         = {978-0-521-83378-3}
}
@book{chacon_duong20,
	title        = {{Higher order differential analysis with vectorized derivatives}},
	author       = {{Chacón, José and Duong, Tarn}},
	year         = 2020,
	publisher    = {{None}}
}
@book{skorski19,
	title        = {{Chain Rules for Hessian and Higher Derivatives Made Easy by Tensor Calculus}},
	author       = {{Skorski, Maciej}},
	year         = 2019,
	publisher    = {{None}}
}
@article{hardy06,
	title        = {{Combinatorics of Partial Derivatives}},
	author       = {{Hardy, Michael}},
	year         = 2006,
	journal      = {{The Electronic Journal of Combinatorics}}
}
@article{constantine_savits96,
	title        = {{A Multivariate Faa di Bruno Formula with Applications}},
	author       = {{Constantine, G. and Savits, T.}},
	year         = 1996,
	journal      = {{Transactions of the American Mathematical Society}},
	doi          = {10.1090/S0002-9947-96-01501-2}
}
@article{mulla20,
	title        = {{Fractional Calculus, Fractional Differential Equations and Applications}},
	author       = {{Mulla, Mohammed}},
	year         = 2020,
	journal      = {{OALib}},
	doi          = {10.4236/oalib.1106244}
}
@article{levenberg44,
	title        = {{A method for the solution of certain non-linear problems in least squares}},
	author       = {{Levenberg, Kenneth}},
	year         = 1944,
	journal      = {{Quarterly of Applied Mathematics}},
	doi          = {10.1090/qam/10666}
}
@article{marquardt63,
	title        = {{An Algorithm for Least-Squares Estimation of Nonlinear Parameters}},
	author       = {{Marquardt, Donald W.}},
	year         = 1963,
	journal      = {{Journal of the Society for Industrial and Applied Mathematics}},
	doi          = {10.1137/0111030}
}
@article{abbas_etal09,
	title        = {{Deconvolution of Blood Microarray Data Identifies Cellular Activation Patterns in Systemic Lupus Erythematosus}},
	author       = {{Abbas, Alexander R. and Wolslegel, Kristen and others}},
	year         = 2009,
	journal      = {{PloS One}},
	doi          = {10.1371/journal.pone.0006098}
}
@article{wang_etal18,
	title        = {{Transcriptome Deconvolution of Heterogeneous Tumor Samples with Immune Infiltration}},
	author       = {{Wang, Zeya and Cao, Shaolong and others}},
	year         = 2018,
	journal      = {{iScience}},
	doi          = {10.1016/j.isci.2018.10.028}
}
@article{shoemaker_etal12,
	title        = {{CTen: A Web-Based Platform for Identifying Enriched Cell Types from Heterogeneous Microarray Data}},
	author       = {{Shoemaker, Jason E. and Lopes, Tiago JS and others}},
	year         = 2012,
	journal      = {{BMC Genomics}},
	doi          = {10.1186/1471-2164-13-460}
}
@article{whitney_etal03,
	title        = {{Individuality and Variation in Gene Expression Patterns in Human Blood}},
	author       = {{Whitney, Adeline R. and Diehn, Maximilian and others}},
	year         = 2003,
	journal      = {{Proceedings of the National Academy of Sciences of the United States of America}},
	doi          = {10.1073/pnas.252784499}
}
@article{mazumder_hastie11,
	title        = {{The Graphical Lasso: New Insights and Alternatives}},
	author       = {{Mazumder, Rahul and Hastie, Trevor}},
	year         = 2011,
	journal      = {{Electronic Journal of Statistics}},
	doi          = {10.1214/12-EJS740}
}
@article{quon_morris09,
	title        = {{ISOLATE: A Computational Strategy for Identifying the Primary Origin of Cancers Using High-Throughput Sequencing}},
	author       = {{Quon, Gerald and Morris, Quaid}},
	year         = 2009,
	journal      = {{Bioinformatics (Oxford, England)}},
	doi          = {10.1093/bioinformatics/btp378}
}
@article{racle_etal17,
	title        = {{Simultaneous Enumeration of Cancer and Immune Cell Types from Bulk Tumor Gene Expression Data}},
	author       = {{Racle, Julien and de Jonge, Kaat and others}},
	year         = 2017,
	journal      = {{eLife}},
	publisher    = {{eLife Sciences Publications, Ltd}},
	doi          = {10.7554/eLife.26476},
	editor       = {Valencia, Alfonso},
	options      = {useprefix=true}
}
@article{liebner_etal14,
	title        = {{MMAD: Microarray Microdissection with Analysis of Differences Is a Computational Tool for Deconvoluting Cell Type-Specific Contributions from Tissue Samples}},
	author       = {{Liebner, David A. and Huang, Kun and others}},
	year         = 2014,
	journal      = {{Bioinformatics (Oxford, England)}},
	doi          = {10.1093/bioinformatics/btt566}
}
@article{finotello_etal19,
	title        = {{Molecular and Pharmacological Modulators of the Tumor Immune Contexture Revealed by Deconvolution of RNA-seq Data}},
	author       = {{Finotello, Francesca and Mayer, Clemens and others}},
	year         = 2019,
	journal      = {{Genome Medicine}},
	doi          = {10.1186/s13073-019-0638-6},
	options      = {useprefix=true}
}
@article{du_etal19,
	title        = {{deconvSeq: Deconvolution of Cell Mixture Distribution in Sequencing Data}},
	author       = {{Du, Rose and Carey, Vince and others}},
	year         = 2019,
	journal      = {{Bioinformatics (Oxford, England)}},
	doi          = {10.1093/bioinformatics/btz444}
}
@article{zaitsev_etal22,
	title        = {{Precise Reconstruction of the TME Using Bulk RNA-seq and a Machine Learning Algorithm Trained on Artificial Transcriptomes}},
	author       = {{Zaitsev, Aleksandr and Chelushkin, Maksim and others}},
	year         = 2022,
	journal      = {{Cancer Cell}},
	publisher    = {{Elsevier}},
	doi          = {10.1016/j.ccell.2022.07.006}
}
@article{qiao_etal12,
	title        = {{PERT: A Method for Expression Deconvolution of Human Blood Samples from Varied Microenvironmental and Developmental Conditions}},
	author       = {{Qiao, Wenlian and Quon, Gerald and others}},
	year         = 2012,
	journal      = {{PLOS Computational Biology}},
	publisher    = {{Public Library of Science}},
	doi          = {10.1371/journal.pcbi.1002838}
}
@article{erkkila_etal10,
	title        = {{Probabilistic Analysis of Gene Expression Measurements from Heterogeneous Tissues}},
	author       = {{Erkkilä, Timo and Lehmusvaara, Saara and others}},
	year         = 2010,
	journal      = {{Bioinformatics}},
	doi          = {10.1093/bioinformatics/btq406}
}
@article{aliee_theis21,
	title        = {{AutoGeneS: Automatic Gene Selection Using Multi-Objective Optimization for RNA-seq Deconvolution}},
	author       = {{Aliee, Hananeh and Theis, Fabian J.}},
	year         = 2021,
	journal      = {{Cell Systems}},
	doi          = {10.1016/j.cels.2021.05.006}
}
@article{zuo_etal16,
	title        = {{INDEED: Integrated Differential Expression and Differential Network Analysis of Omic Data for Biomarker Discovery}},
	author       = {{Zuo, Yiming and Cui, Yi and others}},
	year         = 2016,
	journal      = {{Methods (San Diego, Calif.)}},
	doi          = {10.1016/j.ymeth.2016.08.015}
}
@article{aran_etal17,
	title        = {{xCell: Digitally Portraying the Tissue Cellular Heterogeneity Landscape}},
	author       = {{Aran, Dvir and Hu, Zicheng and others}},
	year         = 2017,
	journal      = {{Genome Biology}},
	doi          = {10.1186/s13059-017-1349-1}
}
@article{wang_etal19,
	title        = {{Bulk Tissue Cell Type Deconvolution with Multi-Subject Single-Cell Expression Reference}},
	author       = {{Wang, Xuran and Park, Jihwan and others}},
	year         = 2019,
	journal      = {{Nature Communications}},
	publisher    = {{Nature Publishing Group}},
	doi          = {10.1038/s41467-018-08023-x}
}
@article{newman_etal15,
	title        = {{Robust Enumeration of Cell Subsets from Tissue Expression Profiles}},
	author       = {{Newman, Aaron and Liu, Chih and others}},
	year         = 2015,
	journal      = {{Nature methods}},
	doi          = {10.1038/nmeth.3337}
}
@article{gong_szustakowski13,
	title        = {{DeconRNASeq: A Statistical Framework for Deconvolution of Heterogeneous Tissue Samples Based on mRNA-Seq Data}},
	author       = {{Gong, Ting and Szustakowski, Joseph D.}},
	year         = 2013,
	journal      = {{Bioinformatics (Oxford, England)}},
	doi          = {10.1093/bioinformatics/btt090}
}
