@article{ahn_etal13,
  title        = {{{DeMix}}: Deconvolution for Mixed Cancer Transcriptomes Using Raw Measured Data},
  shorttitle   = {{{DeMix}}},
  author       = {Ahn, Jaeil and Yuan, Ying and Parmigiani, Giovanni and Suraokar, Milind B. and Diao, Lixia and Wistuba, Ignacio I. and Wang, Wenyi},
  doi          = {10.1093/bioinformatics/btt301},
  date         = {2013-08-01},
  journaltitle = {Bioinformatics (Oxford, England)},
}
@article{chion_etal22,
  title        = {Accounting for Multiple Imputation-Induced Variability for Differential Analysis in Mass Spectrometry-Based Label-Free Quantitative Proteomics},
  author       = {Chion, Marie and Carapito, Christine and Bertrand, Frédéric},
  doi          = {10.1371/journal.pcbi.1010420},
  url          = {http://arxiv.org/abs/2108.07086},
  date         = {2022-08-29},
  journaltitle = {PLOS Computational Biology},
  eprintclass  = {q-bio, stat},
}
@article{erkkila_etal10,
  title        = {Probabilistic Analysis of Gene Expression Measurements from Heterogeneous Tissues},
  author       = {Erkkilä, Timo and Lehmusvaara, Saara and Ruusuvuori, Pekka and Visakorpi, Tapio and Shmulevich, Ilya and Lähdesmäki, Harri},
  doi          = {10.1093/bioinformatics/btq406},
  url          = {https://doi.org/10.1093/bioinformatics/btq406},
  date         = {2010-10-15},
  journaltitle = {Bioinformatics},
}
@article{haskell_hanson81,
  title        = {An Algorithm for Linear Least Squares Problems with Equality and Nonnegativity Constraints},
  author       = {Haskell, Karen H. and Hanson, Richard J.},
  doi          = {10.1007/BF01584232},
  url          = {https://doi.org/10.1007/BF01584232},
  date         = {1981-12-01},
  journaltitle = {Mathematical Programming},
}
@article{mazumder_hastie11,
  title        = {The {{Graphical Lasso}}: {{New Insights}} and {{Alternatives}}},
  shorttitle   = {The {{Graphical Lasso}}},
  author       = {Mazumder, Rahul and Hastie, Trevor},
  doi          = {10.1214/12-EJS740},
  date         = {2011-11-23},
  journaltitle = {Electronic Journal of Statistics},
}
@article{prague_etal13,
  title        = {{{NIMROD}}: {{A}} Program for Inference via a Normal Approximation of the Posterior in Models with Random Effects Based on Ordinary Differential Equations},
  shorttitle   = {{{NIMROD}}},
  author       = {Prague, Mélanie and Commenges, Daniel and Guedj, Jérémie and Drylewicz, Julia and Thiébaut, Rodolphe},
  doi          = {10.1016/j.cmpb.2013.04.014},
  url          = {https://www.sciencedirect.com/science/article/pii/S0169260713001363},
  date         = {2013-08-01},
  journaltitle = {Computer Methods and Programs in Biomedicine},
}
@unpublished{taboga21a,
  title        = {Metropolis-{{Hastings}} Algorithm},
  author       = {Taboga, Marco},
  url          = {https://www.statlect.com/fundamentals-of-statistics/Metropolis-Hastings-algorithm},
  type         = {Lectures on probability theory and mathematical statistics. Kindle Direct Publishing. Online appendix.},
  date         = 2021,
}
@article{hao_etal19,
  title        = {Fast and robust deconvolution of tumor infiltrating lymphocyte from expression profiles using least trimmed squares},
  author       = {Hao, Yuning and Yan, Ming and Heath, Blake R. and Lei, Yu L. and Xie, Yuying},
  year         = 2019,
  journal      = {PLoS computational biology},
  doi          = {10.1371/journal.pcbi.1006976},
  pmid         = 31059559,
}
@article{monaco_etal19,
  title        = {{RNA}-{Seq} {Signatures} {Normalized} by {mRNA} {Abundance} {Allow} {Absolute} {Deconvolution} of {Human} {Immune} {Cell} {Types}},
  author       = {Monaco, Gianni and Lee, Bernett and Xu, Weili and Mustafah, Seri and Hwang, You Yi and Carré, Christophe and Burdin, Nicolas and Visan, Lucian and Ceccarelli, Michele and Poidinger, Michael and Zippelius, Alfred and Pedro de Magalhães, João and Larbi, Anis},
  year         = 2019,
  journal      = {Cell Reports},
  doi          = {10.1016/j.celrep.2019.01.041},
  url          = {https://www.sciencedirect.com/science/article/pii/S2211124719300592},
}
@article{gong_szustakowski13,
  title        = {{DeconRNASeq}: a statistical framework for deconvolution of heterogeneous tissue samples based on {mRNA}-{Seq} data},
  shorttitle   = {{DeconRNASeq}},
  author       = {Gong, Ting and Szustakowski, Joseph D.},
  year         = 2013,
  journal      = {Bioinformatics (Oxford, England)},
  doi          = {10.1093/bioinformatics/btt090},
  pmid         = 23428642,
}
@phdthesis{chion18,
  title        = {Développement de nouvelles méthodologies statistiques pour l'analyse de données de protéomique quantitative},
	author       = {Chion, Marie},
	year         = 2018,
	url          = {http://www.theses.fr/s269600},
	copyright    = {Licence Etalab},
	type         = {These en préparation},
	school       = {Strasbourg},
	collaborator = {Bertrand, Frédéric and Carapito, Christine},
	annote       = {Thèses en préparation à Strasbourg , dans le cadre de   ED 269: Mathématiques, Sciences de l'Information et de l'Ingénieur , en partenariat avec Institut de Recherche Mathématique Avancée   (equipe de recherche)   depuis le 23-09-2018 .},
}
@article{erkkila_etal10,
	title        = {Probabilistic analysis of gene expression measurements from heterogeneous tissues},
	author       = {Erkkilä, Timo and Lehmusvaara, Saara and Ruusuvuori, Pekka and Visakorpi, Tapio and Shmulevich, Ilya and Lähdesmäki, Harri},
	year         = 2010,
	journal      = {Bioinformatics},
	doi          = {10.1093/bioinformatics/btq406},
	url          = {https://doi.org/10.1093/bioinformatics/btq406},
	pmid         = 20631160,
}
@article{wang_etal18,
	title        = {Transcriptome {Deconvolution} of {Heterogeneous} {Tumor} {Samples} with {Immune} {Infiltration}},
	author       = {Wang, Zeya and Cao, Shaolong and Morris, Jeffrey S. and Ahn, Jaeil and Liu, Rongjie and Tyekucheva, Svitlana and Gao, Fan and Li, Bo and Lu, Wei and Tang, Ximing and Wistuba, Ignacio I. and Bowden, Michaela and Mucci, Lorelei and Loda, Massimo and Parmigiani, Giovanni and Holmes, Chris C. and Wang, Wenyi},
	year         = 2018,
	journal      = {iScience},
	doi          = {10.1016/j.isci.2018.10.028},
	url          = {https://www.ncbi.nlm.nih.gov/pmc/articles/PMC6249353/},
	pmid         = 30469014,
}
@article{ahn_etal13,
	title        = {{DeMix}: deconvolution for mixed cancer transcriptomes using raw measured data},
	shorttitle   = {{DeMix}},
	author       = {Ahn, Jaeil and Yuan, Ying and Parmigiani, Giovanni and Suraokar, Milind B. and Diao, Lixia and Wistuba, Ignacio I. and Wang, Wenyi},
	year         = 2013,
	journal      = {Bioinformatics (Oxford, England)},
	doi          = {10.1093/bioinformatics/btt301},
	pmid         = 23712657,
}
