@article{monaco_etal19,
	title        = {{RNA}-{Seq} {Signatures} {Normalized} by {mRNA} {Abundance} {Allow} {Absolute} {Deconvolution} of {Human} {Immune} {Cell} {Types}},
	author       = {Monaco, Gianni and Lee, Bernett and Xu, Weili and Mustafah, Seri and Hwang, You Yi and Carré, Christophe and Burdin, Nicolas and Visan, Lucian and Ceccarelli, Michele and Poidinger, Michael and Zippelius, Alfred and Pedro de Magalhães, João and Larbi, Anis},
	year         = 2019,
	journal      = {Cell Reports},
	doi          = {10.1016/j.celrep.2019.01.041},
	url          = {https://www.sciencedirect.com/science/article/pii/S2211124719300592},
}
@article{abbas_etal09,
	title        = {Deconvolution of blood microarray data identifies cellular activation patterns in systemic lupus erythematosus},
	author       = {Abbas, Alexander R. and Wolslegel, Kristen and Seshasayee, Dhaya and Modrusan, Zora and Clark, Hilary F.},
	year         = 2009,
	journal      = {PloS One},
	doi          = {10.1371/journal.pone.0006098},
	pmid         = 19568420,
}